@article{daggy2010,
  title={Using no-show modeling to improve clinic performance},
  author={Daggy, Joanne and Lawley, Mark and Willis, Deanna and Thayer, Debra and Suelzer, Christopher and DeLaurentis, Po-Ching and Turkcan, Ayten and Chakraborty, Santanu and Sands, Laura},
  journal={Health Informatics Journal},
  volume={16},
  number={4},
  pages={246--259},
  year={2010},
  publisher={SAGE Publications}
}
@article{alaeddini2011,
  title={A probabilistic model for predicting the probability of no-show in hospital appointments},
  author={Alaeddini, Adel and Yang, Kai and Reddy, Chandan and Yu, Susan},
  journal={Health care management science},
  volume={14},
  number={2},
  pages={146--157},
  year={2011},
  publisher={Springer}
}
@article{alaeddini2015,
  title={A hybrid prediction model for no-shows and cancellations of outpatient appointments},
  author={Alaeddini, Adel and Yang, Kai and Reeves, Pamela and Reddy, Chandan K},
  journal={IIE Transactions on Healthcare Systems Engineering},
  volume={5},
  number={1},
  pages={14--32},
  year={2015},
  publisher={Taylor \& Francis}
}

@article{goldman1982,
  title={A multivariate approach to the prediction of no-show behavior in a primary care center},
  author={Goldman, Lee and Freidin, Ralph and Cook, E Francis and Eigner, John and Grich, Pamela},
  journal={Archives of Internal Medicine},
  volume={142},
  number={3},
  pages={563--567},
  year={1982},
  publisher={American Medical Association}
}

@article{glowacka2009,
  title={A hybrid data mining/simulation approach for modelling outpatient no-shows in clinic scheduling},
  author={Glowacka, Karolina J and Henry, Raymond M and May, Jerrold H},
  journal={Journal of the Operational Research Society},
  volume={60},
  number={8},
  pages={1056--1068},
  year={2009},
  publisher={Springer}
}

@article{berg2013,
  title={Estimating the cost of no-shows and evaluating the effects of mitigation strategies},
  author={Berg, Bjorn P and Murr, Michael and Chermak, David and Woodall, Jonathan and Pignone, Michael and Sandler, Robert S and Denton, Brian T},
  journal={Medical Decision Making},
  volume={33},
  number={8},
  pages={976--985},
  year={2013},
  publisher={Sage Publications}
}

@article{zeng2010,
  title={Clinic scheduling models with overbooking for patients with heterogeneous no-show probabilities},
  author={Zeng, Bo and Turkcan, Ayten and Lin, Ji and Lawley, Mark},
  journal={Annals of Operations Research},
  volume={178},
  number={1},
  pages={121--144},
  year={2010},
  publisher={Springer}
}

@article{cayirli2003,
  title={Outpatient scheduling in health care: a review of literature},
  author={Cayirli, Tugba and Veral, Emre},
  journal={Production and operations management},
  volume={12},
  number={4},
  pages={519--549},
  year={2003},
  publisher={Wiley Online Library}
}

@article{liu2010,
  title={Dynamic scheduling of outpatient appointments under patient no-shows and cancellations},
  author={Liu, Nan and Ziya, Serhan and Kulkarni, Vidyadhar G},
  journal={Manufacturing \& Service Operations Management},
  volume={12},
  number={2},
  pages={347--364},
  year={2010},
  publisher={INFORMS}
}

@article{muthuraman2008,
  title={A stochastic overbooking model for outpatient clinical scheduling with no-shows},
  author={Muthuraman, Kumar and Lawley, Mark},
  journal={Iie Transactions},
  volume={40},
  number={9},
  pages={820--837},
  year={2008},
  publisher={Taylor \& Francis}
}

@misc{saluducAbout,
  title = {{Red Salud UC Christus: Qui\'enes somos}},
  howpublished = {\url{http://redsalud.uc.cl/ucchristus/QuienesSomos/}},
  note = {Accedida el 2016-09-11}
}
